<record><leader>00000cas a22000007a 4500</leader><controlfield tag="001">27879261</controlfield><controlfield tag="008">930408d189u1uuucauwr ne      0    0eng d</controlfield><datafield ind1=" " ind2=" " tag="010"><subfield code="a">sn 93051941 </subfield></datafield><datafield ind1=" " ind2=" " tag="040"><subfield code="a">CUY</subfield><subfield code="b">eng</subfield><subfield code="c">CNK</subfield><subfield code="d">OCLCQ</subfield></datafield><datafield ind1=" " ind2=" " tag="042"><subfield code="a">msc</subfield></datafield><datafield ind1="0" ind2=" " tag="130"><subfield code="a">Berkeley herald (Berkeley, Calif. : 1895)</subfield></datafield><datafield ind1="1" ind2="0" tag="245"><subfield code="a">Berkeley herald.</subfield></datafield><datafield ind1=" " ind2=" " tag="260"><subfield code="a">Berkeley, Calif. :</subfield><subfield code="b">Herald Pub. Co.</subfield></datafield><datafield ind1=" " ind2=" " tag="300"><subfield code="a">v.</subfield></datafield><datafield ind1=" " ind2=" " tag="310"><subfield code="a">Weekly,</subfield><subfield code="b">May 15, 1897-&lt;Oct. 29, 1898&gt;</subfield></datafield><datafield ind1=" " ind2=" " tag="321"><subfield code="a">Weekly,</subfield><subfield code="b">&lt;Mar. 12, 1895&gt;-Jan. 30, 1897</subfield></datafield><datafield ind1=" " ind2=" " tag="321"><subfield code="a">Semiweekly,</subfield><subfield code="b">Feb. 5, 1897-May 12, 1897</subfield></datafield><datafield ind1="0" ind2=" " tag="362"><subfield code="a">-v. 10, no. 14 (Jan. 8, 1898) ; new ser., v. 1, no. 1 (Jan. 15, 1898)-</subfield></datafield><datafield ind1=" " ind2=" " tag="588"><subfield code="a">Description based on: Vol. 8, no. 10 (Mar. 12, 1895).</subfield></datafield><datafield ind1=" " ind2="4" tag="651"><subfield code="a">San Francisco Bay Area (Calif.)</subfield><subfield code="v">Newspapers.</subfield></datafield><datafield ind1=" " ind2=" " tag="752"><subfield code="a">United States</subfield><subfield code="b">California</subfield><subfield code="c">Alameda</subfield><subfield code="d">Berkeley.</subfield></datafield><datafield ind1="0" ind2=" " tag="775"><subfield code="t">Daily evening herald (Berkeley, Calif.)</subfield><subfield code="w">(DLC)sn 93051943</subfield></datafield><datafield ind1="0" ind2="0" tag="780"><subfield code="t">Berkeley weekly herald</subfield><subfield code="w">(DLC)sn 93051940</subfield></datafield><datafield ind1="1" ind2=" " tag="029"><subfield code="a">AU@</subfield><subfield code="b">000020736004</subfield></datafield></record>